@article{wits,
  title={Hunting for parking brings no joy for students},
  author={Aarti Bhana},
  journal={Wits Vuvuzela},
  volume={},
  number={},
  pages={2},
  year={2017},
  publisher={Wits journalism Programme}
}

@article{das2014implementation,
  title={Implementation and performance evaluation of background subtraction algorithms},
  author={Das, Deepjoy and Saharia, Dr and others},
  journal={arXiv preprint arXiv:1405.1815},
  year={2014}
}

@INPROCEEDINGS{Choeychuen,
	author={K. Choeychuen},
	booktitle={2013 5th International Conference on Knowledge and Smart Technology (KST)},
	title={Automatic parking lot mapping for available parking space detection},
	year={2013},
	pages={117-121},
	keywords={Adaptation models;Cameras;Computational modeling;Histograms;Sensors;Testing;Vehicles;automatic parking lot mapping;automatic thresholding for background subtraction;parking guidance system;spatial histograms},
	doi={10.1109/KST.2013.6512799},
	month={Jan},}

@article{lecun1998gradient,
  title={Gradient-based learning applied to document recognition},
  author={LeCun, Yann and Bottou, L{\'e}on and Bengio, Yoshua and Haffner, Patrick},
  journal={Proceedings of the IEEE},
  volume={86},
  number={11},
  pages={2278--2324},
  year={1998},
  publisher={IEEE}
}


@INPROCEEDINGS{Lecun98gradient-basedlearning,
    author = {Yann Lecun and Léon Bottou and Yoshua Bengio and Patrick Haffner},
    title = {Gradient-based learning applied to document recognition},
    booktitle = {Proceedings of the IEEE},
    year = {1998},
    pages = {2278--2324}
}

@misc{overhead,
    author = {computerstationco},
    title = {OverHead sensors},
    year = "2017",
    howpublished = {\url{http://computerstationco.net/let/images/imagedata/pms_img3.jpg/}},
    note = {(Accessed on 04/03/2017)}
}

@misc{ground,
    author = {eurocarparks},
    title = {Ground sensors},
    year = "2017",
    howpublished = {\url{https://www.eurocarparks.com/custom/uploads/2009/12/sensor_parking.jpg/}},
    note = {(Accessed on 04/03/2017)}
}

@ARTICLE{Postigo,
	author={C. G. del Postigo and J. Torres and J. M. Menéndez},
	journal={IET Intelligent Transport Systems},
	title={Vacant parking area estimation through background subtraction and transience map analysis},
	year={2015},
	volume={9},
	number={9},
	pages={835-841},
	keywords={object detection;object tracking;traffic engineering computing;video signal processing;Gaussian mixture;background subtraction;multiple moving object;nondelimited free parking areas;outdoor illumination condition;static surveillance camera;transience map analysis;vacant parking area estimation;vehicle detection;vehicle occlusion;vehicle tracking;video frame temporal analysis},
	doi={10.1049/iet-its.2014.0090},
	ISSN={1751-956X},
	month={},}


@INPROCEEDINGS{Lee2008,
author={S. Lee and D. Yoon and A. Ghosh},
booktitle={Collaborative Technologies and Systems, 2008. CTS 2008. International Symposium on},
title={Intelligent parking lot application using wireless sensor networks},
year={2008},
pages={48-57},
keywords={automated highways;minimax techniques;telecommunication computing;ultrasonic transducers;wireless sensor networks;intelligent parking lot;intelligent traffic guidance systems;min-max algorithm;ultrasonic sensors;wireless sensor networks;Costs;Intelligent networks;Intelligent sensors;Intelligent systems;Magnetic sensors;Magnetometers;Navigation;Telecommunication traffic;Vehicle detection;Wireless sensor networks;magnetometers;traffic guidance systems;ultrasonic sensors;wireless sensor networks},
doi={10.1109/CTS.2008.4543911},
month={May},}